Zu erfassen sind bei Büchern: Name der Verfasser, Titel des Werkes, Erscheinungsort, Erscheinungsjahr
Beispiel: SAUER J, KRUPSTEDT U: Informatik für Ingenieure, Stuttgart 1985
Ist nur der Herausgeber bekannt, so werden Titel und Herausgeber genannt.

bei Zeitschriften / Zeitungsartikeln: Name, Vorname, Titel des Aufsatzes, Titel der Zeitschrift, Jahrgang, Heft-Nr., Seiten von-bis
Beispiel: WAGNER, H-J: The Minimum Number of Mutations in an Evolutionary Net-work, J Theor Biol (1981), 91, 621-636

Auch unveröffentlichte Literaturquellen gehören ins Literaturverzeichnis.
Beispiel: SAUER J: Skriptum zur Vorlesung Datenorganisation, FH Regensburg 1984


Ungenutzte Literatur wird nicht angezeigt, außer es wird die Zeile (67) mit \nocite{*} im Hauptdokument auskommentiert.

@misc{HelloWorld,
 title = {Writing a Game Boy Advance Game},
 url = {https://www.reinterpretcast.com/writing-a-game-boy-advance-game},
 urldate = {2018-06-14}
}

@misc{tile,
 title = {Regular tiled backgrounds},
 url = {https://www.coranac.com/tonc/text/regbg.htm},
 urldate = {2017-06-08}
}
@misc{mode,
 title = {Graphic Modes of GBA},
 url = {https://patater.com/gbaguy/gba/ch5.htm},
 urldate = {2018-06-08}
}

@manual{ALS,
 title = {Layered Software Architecture},
 organization = {AUTOSAR Development Cooperation},
 edition = {3.2},
 year = {2011}
}

@BOOK{BSW,
AUTHOR="Andreas Spillner, Tilo Linz",
TITLE="Basiswissen Softwaretest",
PUBLISHER="dpunkt.verlag",
YEAR="2010",
}
@BOOK{C,
AUTHOR="Brian W. Kernighan, Dennis M. Ritchie",
TITLE="The C Programming Language",
PUBLISHER="Prentice Hall PTR",
YEAR="2009",
}

